%============ Bibliography Syntaxe ============%
%      Just follow examples written below      %
%==============================================%


article{Working,
    author = {STMicroelectronics},
    title = {Who we Are - STMicroelectronics},
    year = 2024,
        
    note   = {[Accessed on 13-March-2024]}
}


@article{MOOC_features,
    author ="STMicroelectronics",
    title ="STM32 MOOC part 3: Security features",
    year={2020},
    url ="https://www.st.com/content/st_com/en/support/learning/stm32-education/stm32-moocs/STM32_security_features",
    note={[Accessed 13 February 2024]}
}

@article{MOOC_cryptobasics,
    author ="STMicroelectronics",
    title ="STM32 MOOC part 2:cryptography basics",
    year={2020},
    url ="https://www.st.com/content/st_com/en/support/learning/stm32-education/stm32-moocs/STM32_security_features",
    note={[Accessed 12 February 2024]}
}
@article{st_AN,
  author        = "STMicroelectronics",
  title         = "ST Application Note 5156 : introduction to security for STM32 MCUs",
  year         = {2018},
  url           = "https://www.st.com/resource/en/application_note/an5156-introduction-to-security-for-stm32-mcus-stmicroelectronics",
  note          = {[Accessed 27 February 2024]}
}

@article{hash,
  author        = "Dragan A.Popovic",
  title         = "Understanding blockchain for insurance use cases",
  year={2020},
  url           = "https://www.researchgate.net/publication/342136274_Understanding_blockchain_for_insurance_use_cases",
  note          = "[Accessed 1 July 2024]"
}




@article{Telemetry,
  author        = "David Warburton",
  title         = "The 2021 TLS Telemetry Report",
  year          =  {2021},
  url           = "https://www.f5.com/labs/articles/threat-intelligence/the-2021-tls-telemetry-report",
  note          = "[Accessed 7 March 2024]"
}

techreport{citation-key,
    author = ,
    title = ,
    institution = ,
    year = 
}

@article{U5_Refman,
    author = {STMicroelectronics},
    title = {RM0456 STM32U5 Series ArmÂ®-based 32-bit MCUs},
    url           = "https://www.st.com/resource/en/reference_manual/rm0456-stm32u5-series-armbased-32bit-mcus-stmicroelectronics.pdf",
    year = 2024,
    note = {[Accessed 8 February 2024]}
}

@article{nist_p256,
    author = {National Institute of Standards And Technologies},
    title = {Recommendations for Discrete Logarithm-based Cryptography: Elliptic Curve Domain Parameters},
    url           = "https://nvlpubs.nist.gov/nistpubs/SpecialPublications/NIST.SP.800-186.pdf",
    year = 2023,
    note = {[Accessed 24 July 2024]}
}

@article{Nist_curve,
    author = {Jan Jancar},
    title = {Standard Curve Database},
    url           = "https://neuromancer.sk/std/nist/P-256",
    year = 2020,
    note = {[Accessed 17 June 2024]}
}
@article{st_comp,
    author = {STMicroelectronics},
    title = {ST company presentation},
    url           = "https://www.st.com/resource/en/company_presentation/company_presentation.pdf",
    year = 2024,
    note = {[Accessed 7 February 2024]}
}